@inproceedings{example2020machine,
  title        = {Example: Machine vision smart parking using internet of things (IoTs) in a smart university},
  author       = {Example, Author1 and Example, Author2 and Example, Author3},
  booktitle    = {Example: 2020 IEEE International Conference on Pervasive Computing and Communications Workshops (PerCom Workshops)},
  pages        = {Example: 1--6},
  year         = {Example: 2020},
  organization = {Example: IEEE}
}